@article{RN58,
   author = {Alexe-Ionescu, AL and Barbero, Giovanni and Durand, G},
   title = {Temperature dependence of surface orientation of nematic liquid crystals},
   journal = {Journal de Physique II},
   volume = {3},
   number = {8},
   pages = {1247-1253},
   ISSN = {1155-4312},
   year = {1993},
   type = {Journal Article}
}

@article{RN180,
   author = {Biscari, Paolo and Terentjev, Eugene M.},
   title = {Nematic membranes: Shape instabilities of closed achiral vesicles},
   journal = {Physical Review E},
   volume = {73},
   number = {5},
   pages = {051706},
   url = {https://link.aps.org/doi/10.1103/PhysRevE.73.051706},
   year = {2006},
   type = {Journal Article}
}

@article{RN185,
   author = {Chen, C-M and Lubensky, TC and MacKintosh, FC},
   title = {Phase transitions and modulated phases in lipid bilayers},
   journal = {Physical Review E},
   volume = {51},
   number = {1},
   pages = {504},
   year = {1995},
   type = {Journal Article}
}

@article{RN188,
   author = {Faetti, S. and Gatti, M. and Palleschi, V.},
   title = {Measurements of surface elastic torques in liquid crystals : a method to measure elastic constants and anchoring energies},
   journal = {Rev. Phys. Appl. (Paris)},
   volume = {21},
   number = {7},
   pages = {451-461},
   url = {https://doi.org/10.1051/rphysap:01986002107045100},
   year = {1986},
   type = {Journal Article}
}

@article{RN56,
   author = {Faetti, S and Riccardi, M},
   title = {The phenomenological functions that characterize the surface free energy density of nematic liquid crystals: a microscopic analysis},
   journal = {Journal de Physique II},
   volume = {5},
   number = {8},
   pages = {1165-1191},
   ISSN = {1155-4312},
   year = {1995},
   type = {Journal Article}
}

@article{RN57,
   author = {Faetti, Sandro and Virga, Epifanio G},
   title = {On a curvature surface energy for nematic liquid crystals},
   journal = {Archive for Rational Mechanics and Analysis},
   volume = {140},
   number = {1},
   pages = {31-52},
   ISSN = {0003-9527},
   year = {1997},
   type = {Journal Article}
}

@article{RN187,
   author = {Fournier, Jean-Baptiste and Galatola, Paolo},
   title = {Sponges, tubules and modulated phases of para-antinematic membranes},
   journal = {Journal de Physique II},
   volume = {7},
   number = {10},
   pages = {1509-1520},
   ISSN = {1155-4312},
   year = {1997},
   type = {Journal Article}
}

@article{RN61,
   author = {Frank, F.C.},
   title = {I. Liquid crystals. On the theory of liquid crystals},
   journal = {Discuss. Faraday Soc.},
   volume = {25},
   pages = {19-28},
   DOI = {10.1039/DF9582500019},
   url = {http://pubs.rsc.org/en/content/articlepdf/1958/df/df9582500019},
   year = {1958},
   type = {Journal Article}
}

@book{RN33,
   author = {de Gennes, P. G. and Prost, J.},
   title = {The Physics of Liquid Crystals},
   publisher = {Clarendon Press},
   ISBN = {9780198517856},
   url = {https://books.google.com/books?id=0Nw-dzWz5agC},
   year = {1995},
   type = {Book}
}

@article{RN23,
   author = {Kamien, Randall D.},
   title = {The geometry of soft materials: a primer},
   journal = {Reviews of Modern Physics},
   volume = {74},
   number = {4},
   pages = {953-971},
   url = {http://link.aps.org/doi/10.1103/RevModPhys.74.953},
   year = {2002},
   type = {Journal Article}
}

@article{RN59,
   author = {Koning, Vinzenz and van Zuiden, Benjamin C and Kamien, Randall D and Vitelli, Vincenzo},
   title = {Saddle-splay screening and chiral symmetry breaking in toroidal nematics},
   journal = {Soft matter},
   volume = {10},
   number = {23},
   pages = {4192-4198},
   year = {2014},
   type = {Journal Article}
}

@article{RN181,
   author = {Murugesan, Yogesh K and Pasini, Damiano and Rey, Alejandro D},
   title = {Microfibril organization modes in plant cell walls of variable curvature: a model system for two dimensional anisotropic soft matter},
   journal = {Soft Matter},
   volume = {7},
   number = {15},
   pages = {7078-7093},
   year = {2011},
   type = {Journal Article}
}

@article{RN60,
   author = {Nehring, JÃ¼rgen and Saupe, Alfred},
   title = {On the elastic theory of uniaxial liquid crystals},
   journal = {The Journal of Chemical Physics},
   volume = {54},
   number = {1},
   pages = {337-343},
   ISSN = {0021-9606},
   year = {1971},
   type = {Journal Article}
}

@article{RN182,
   author = {Oldano, C. and Miraldi, E. and Strigazzi, A. and Taverna Valabrega, P. and Trossi, L.},
   title = {Optical study of the molecular alignment in a nematic liquid crystal in an oblique magnetic field},
   journal = {J. Phys. France},
   volume = {45},
   number = {2},
   pages = {355-360},
   url = {https://doi.org/10.1051/jphys:01984004502035500},
   year = {1984},
   type = {Journal Article}
}

@article{RN183,
   author = {Oldano, Claudio and Miraldi, Elio and Valabrega, P Taverna},
   title = {Theoretical and experimental study of the static behaviour of a nematic liquid crystal near the Freedericksz transition},
   journal = {Journal de Physique},
   volume = {45},
   number = {4},
   pages = {755-759},
   ISSN = {0302-0738},
   year = {1984},
   type = {Journal Article}
}

@article{RN184,
   author = {Powers, Thomas and Nelson, Philip},
   title = {Fluctuating membranes with tilt order},
   journal = {Journal de Physique II},
   volume = {5},
   number = {11},
   pages = {1671-1678},
   ISSN = {1155-4312},
   year = {1995},
   type = {Journal Article}
}

@article{RN186,
   author = {Selinger, JV and MacKintosh, FC and Schnur, JM},
   title = {Theory of cylindrical tubules and helical ribbons of chiral lipid membranes},
   journal = {Physical Review E},
   volume = {53},
   number = {4},
   pages = {3804},
   year = {1996},
   type = {Journal Article}
}

@article{RN55,
   author = {Yokoyama, Hiroshi},
   title = {Density-functional theory of surfacelike elasticity of nematic liquid crystals},
   journal = {Physical Review E},
   volume = {55},
   number = {3},
   pages = {2938},
   year = {1997},
   type = {Journal Article}
}
